% https://search.crossref.org
% http://www.doi2bib.org
%%%% A %%%%
@article{alfhaid141,
  doi = {10.1002/nla.1922},
  url = {https://doi.org/10.1002/nla.1922},
  year  = {2014},
  month = {jan},
  publisher = {Wiley-Blackwell},
  volume = {21},
  number = {6},
  pages = {722--743},
  author = {Abdulrahman S. Al-Fhaid and Stefano Serra-Capizzano and Debora Sesana and Zaka Ullah, Malik},
  title = {\href{https://doi.org/10.1002/nla.1922}{Singular-value (and eigenvalue) distribution and {K}rylov preconditioning of sequences of sampling matrices approximating integral operators}},
  journal = {Numerical Linear Algebra with Applications}
}
@BOOK{anderson991,
      AUTHOR = {Anderson, E. and Bai, Z. and Bischof, C. and
                Blackford, S. and Demmel, J. and Dongarra, J. and
                Du Croz, J. and Greenbaum, A. and Hammarling, S. and
                McKenney, A. and Sorensen, D.},
      TITLE = {\href{http://www.netlib.org/lapack/lug/}{{LAPACK} {U}sers' {G}uide}},
      EDITION = {Third},
      PUBLISHER = {Society for Industrial and Applied Mathematics},
      YEAR = {1999},
      ADDRESS = {Philadelphia, PA},
      ISBN = {0-89871-447-8 (paperback)} }
@article{avram881,
  doi = {10.1007/bf00319101},
  url = {https://doi.org/10.1007/bf00319101},
  year  = {1988},
  month = {sep},
  publisher = {Springer Nature},
  volume = {79},
  number = {1},
  pages = {37--45},
  author = {Florin Avram},
  title = {\href{https://doi.org/10.1007/bf00319101}{On bilinear forms in {G}aussian random variables and {T}oeplitz matrices}},
  journal = {Probability Theory and Related Fields}
}
%%%% B %%%%
@article{barbarino171,
  doi = {10.1016/j.laa.2017.04.039},
  url = {https://doi.org/10.1016/j.laa.2017.04.039},
  year  = {2017},
  month = {sep},
  publisher = {Elsevier {BV}},
  volume = {529},
  pages = {397--412},
  author = {Giovanni Barbarino},
  title = {\href{https://doi.org/10.1016/j.laa.2017.04.039}{Equivalence between {GLT} sequences and measurable functions}},
  journal = {Linear Algebra and its Applications}
}
@article{barbarino172,
  doi = {10.13001/1081-3810.3663},
  url = {https://doi.org/10.13001/1081-3810.3663},
  year  = {2017},
  month = {dec},
  publisher = {University of Wyoming Libraries},
  volume = {32},
  pages = {500--513},
  author = {Giovanni Barbarino and Carlo Garoni},
  title = {\href{https://doi.org/10.13001/1081-3810.3663}{From convergence in measure to convergence of matrix-sequences through concave functions and singular values}},
  journal = {Electronic Journal of Linear Algebra}
}
@article{barrera171,
  url={https://arxiv.org/abs/1710.05243},
  title={\href{https://arxiv.org/abs/1710.05243}{Eigenvalues of even very nice {T}oeplitz matrices can be unexpectedly erratic}},
  author={Barrera, Mauricio and Böttcher, Albrecht and Grudsky, Sergei Mikhailovich and Maximenko, Egor Anatol'evich},
  journal={arXiv preprint arXiv:1710.05243},
  year={2017}
}
@article{beckermann071,
  doi = {10.1137/05063533x},
  url = {https://doi.org/10.1137/05063533x},
  year  = {2007},
  month = {jan},
  publisher = {Society for Industrial {\&} Applied Mathematics ({SIAM})},
  volume = {45},
  number = {2},
  pages = {746--769},
  author = {Bernhard Beckermann and Stefano Serra-Capizzano},
  title = {\href{https://doi.org/10.1137/05063533x}{On the {A}symptotic {S}pectrum of {F}inite {E}lement {M}atrix {S}equences}},
  journal = {{SIAM} Journal on Numerical Analysis}
}
% Serra-> Serra-Capizzano
@article{benedetto931,
  doi = {10.1016/0898-1221(93)90297-9},
  url = {https://doi.org/10.1016/0898-1221(93)90297-9},
  year  = {1993},
  month = {mar},
  publisher = {Elsevier {BV}},
  volume = {25},
  number = {6},
  pages = {35--45},
  author = {Di Benedetto, Fabio  and Fiorentino,Giuseppe and Serra-Capizzano, Stefano},
  title = {\href{https://doi.org/10.1016/0898-1221(93)90297-9}{C. {G.} preconditioning for {T}oeplitz matrices}},
  journal = {Computers {\&} Mathematics with Applications}
}
@TechReport{benedusi181,
  author  = {Pietro Benedusi and Carlo Garoni and Rolf Krause and
      Xiaozhou Li and Stefano Serra-Capizzano},
  title   = {\href{http://www.it.uu.se/research/publications/reports/2018-002/}{Discontinuous {G}alerkin {D}iscretization of the {H}eat
      {E}quation in {A}ny {D}imension: the {S}pectral {S}ymbol}},
  institution = {Department of Information Technology, Uppsala University},
  department  = {Division of Scientific Computing},
  year    = {2018},
  month   = jan,
  number  = {2018-002},
  note ={SIAM Journal on Matrix Analysis and Applications (to appear)}
}

@article{bertaccini171,
  doi = {10.1016/j.laa.2017.07.036},
  url = {https://doi.org/10.1016/j.laa.2017.07.036},
  year  = {2017},
  month = {nov},
  publisher = {Elsevier {BV}},
  volume = {533},
  pages = {507--535},
  author = {Daniele Bertaccini and Marco Donatelli and Fabio Durastante and Stefano Serra-Capizzano},
  title = {\href{https://doi.org/10.1016/j.laa.2017.07.036}{Optimizing a multigrid {R}unge--{K}utta smoother for variable-coefficient convection--diffusion equations}},
  journal = {Linear Algebra and its Applications}
}
@article{bezanson171,
  doi = {10.1137/141000671},
  url = {https://doi.org/10.1137/141000671},
  year  = {2017},
  month = {jan},
  publisher = {Society for Industrial {\&} Applied Mathematics ({SIAM})},
  volume = {59},
  number = {1},
  pages = {65--98},
  author = {Jeff Bezanson and Alan Edelman and Stefan Karpinski and Viral B. Shah},
  title = {\href{https://doi.org/10.1137/141000671}{Julia: {A} {F}resh {A}pproach to {N}umerical {C}omputing}},
  journal = {{SIAM} Review}
}
@book{bhatia971,
  doi = {10.1007/978-1-4612-0653-8},
  url = {https://doi.org/10.1007/978-1-4612-0653-8},
  year  = {1997},
  publisher = {Springer New York},
  author = {Rajendra Bhatia},
  title = {\href{https://doi.org/10.1007/978-1-4612-0653-8}{Matrix {A}nalysis}}
}

@article{bini831,
  doi = {10.1016/0024-3795(83)80009-3},
  url = {https://doi.org/10.1016/0024-3795(83)80009-3},
  year  = {1983},
  month = {jul},
  publisher = {Elsevier {BV}},
  volume = {52-53},
  pages = {99--126},
  author = {Dario Bini and Milvio Capovani},
  title = {\href{https://doi.org/10.1016/0024-3795(83)80009-3}{Spectral and computational properties of band symmetric {T}oeplitz matrices}},
  journal = {Linear Algebra and its Applications}
}
@article{bogoya151,
  doi = {10.1016/j.jmaa.2014.09.057},
  url = {https://doi.org/10.1016/j.jmaa.2014.09.057},
  year  = {2015},
  month = {feb},
  publisher = {Elsevier {BV}},
  volume = {422},
  number = {2},
  pages = {1308--1334},
  author = {Johan Manuel Bogoya and Albrecht Böttcher and Sergei Mikhailovich Grudsky and Egor Anatol'evich Maximenko},
  title = {\href{https://doi.org/10.1016/j.jmaa.2014.09.057}{Eigenvalues of {H}ermitian {T}oeplitz matrices with smooth simple-loop symbols}},
  journal = {Journal of Mathematical Analysis and Applications}
}
@incollection{bogoya171,
  doi = {10.1007/978-3-319-49182-0_11},
  url = {https://doi.org/10.1007/978-3-319-49182-0_11},
  year  = {2017},
  publisher = {Springer International Publishing},
  pages = {179--212},
  author = {Johan Manuel Bogoya and Sergei Mikhailovich Grudsky and Egor Anatol'evich Maximenko},
  title = {\href{https://doi.org/10.1007/978-3-319-49182-0_11}{Eigenvalues of {H}ermitian {T}oeplitz {M}atrices {G}enerated by {S}imple-loop {S}ymbols with {R}elaxed {S}moothness}},
  booktitle = {Large Truncated Toeplitz Matrices,  Toeplitz Operators,  and Related Topics}
}
@article{bozzo951,
  doi = {10.1137/s0895479893245103},
  url = {https://doi.org/10.1137/s0895479893245103},
  year  = {1995},
  month = {jan},
  publisher = {Society for Industrial {\&} Applied Mathematics ({SIAM})},
  volume = {16},
  number = {1},
  pages = {312--326},
  author = {Bozzo, Enrico and Di Fiore, Carmine},
  title = {\href{https://doi.org/10.1137/s0895479893245103}{On the {U}se of {C}ertain {M}atrix {A}lgebras {A}ssociated with {D}iscrete {T}rigonometric {T}ransforms in {M}atrix {D}isplacement {D}ecomposition}},
  journal = {{SIAM} Journal on Matrix Analysis and Applications}
}
@book{bottcher991,
  doi = {10.1007/978-1-4612-1426-7},
  url = {https://doi.org/10.1007/978-1-4612-1426-7},
  year  = {1999},
  publisher = {Springer New York},
  author = {Albrecht Böttcher and Bernd Silbermann},
  title = {\href{https://doi.org/10.1007/978-1-4612-1426-7}{Introduction to {L}arge {T}runcated {T}oeplitz {M}atrices}}
}
@book{bottcher001,
  doi = {10.1007/978-93-86279-04-0},
  url = {https://doi.org/10.1007/978-93-86279-04-0},
  title={\href{https://doi.org/10.1007/978-93-86279-04-0}{Toeplitz {M}atrices, {A}symptotic {L}inear {A}lgebra, and {F}unctional {A}nalysis}},
  author={Böttcher, Albrecht and Grudsky, Sergei Mikhailovich},
  year={2000},
  publisher={Birkh{\"a}user Basel}
}
@book{bottcher051,
  doi = {10.1137/1.9780898717853},
  url = {https://doi.org/10.1137/1.9780898717853},
  year  = {2005},
  month = {jan},
  publisher = {Society for Industrial and Applied Mathematics},
  author = {Albrecht Böttcher and Sergei Mikhailovich Grudsky},
  title = {\href{https://doi.org/10.1137/1.9780898717853}{Spectral {P}roperties of {B}anded {T}oeplitz {M}atrices}}
}

@book{bottcher061,
  doi = {10.1007/3-540-32436-4},
  url = {https://doi.org/10.1007/3-540-32436-4},
  year  = {2006},
  publisher = {Springer Berlin Heidelberg},
  title = {\href{https://doi.org/10.1007/3-540-32436-4}{Analysis of {T}oeplitz {O}perators}},
  author={Böttcher, Albrecht and Silbermann, Bernd}
}
  %http://www.mathnet.ru/php/archive.phtml?wshow=paper&jrnid=sm&paperid=8823&option_lang=rus
    journal = {Sbornik: Mathematics},

@article{bottcher171,
  doi = {10.1070/sm8823},
  url = {https://doi.org/10.1070/sm8823},
  year  = {2017},
  publisher = {Turpion-Moscow Limited},
  volume = {208:11},
  number = {11},
  pages = {29--55},
  author = {Albrecht  Böttcher and Carlo  Garoni and Stefano  Serra-Capizzano},
  title = {\href{https://doi.org/10.1070/sm8823}{Exploration of {T}oeplitz-like matrices with unbounded symbols: not a purely academic journey ({\russianscript {И}сследование обобщенно-тёплицевых матриц с неограниченными символами — это не только академическое занятие})} },
  journal = {Matematicheskii Sbornik ({\russianscript Математический сборник})},
  note = {English translation in Sbornik: Mathematics, 208:11 (2017), pp. 1602--1627}
}
%%%% C %%%%
@article{crawford731,
  doi = {10.1145/361932.361943},
  url = {https://doi.org/10.1145/361932.361943},
  year  = {1973},
  month = {jan},
  publisher = {Association for Computing Machinery ({ACM})},
  volume = {16},
  number = {1},
  pages = {41--44},
  author = {C. R. Crawford},
  title = {\href{https://doi.org/10.1145/361932.361943}{Reduction of a band-symmetric generalized eigenvalue problem}},
  journal = {Communications of the {ACM}}
}
%%%% D %%%%
@article{donatelli141,
  doi = {10.1016/j.amc.2014.07.023},
  url = {https://doi.org/10.1016/j.amc.2014.07.023},
  year  = {2014},
  month = {oct},
  publisher = {Elsevier {BV}},
  volume = {245},
  pages = {158--173},
  author = {Marco Donatelli and Carlo Garoni and Mariarosa Mazza and Stefano Serra-Capizzano and Debora Sesana},
  title = {\href{https://doi.org/10.1016/j.amc.2014.07.023}{Spectral behavior of preconditioned non-{H}ermitian multilevel block {T}oeplitz matrices with matrix-valued symbol}},
  journal = {Applied Mathematics and Computation}
}
@article{donatelli151,
  doi = {10.1016/j.cma.2014.06.001},
  url = {https://doi.org/10.1016/j.cma.2014.06.001},
  year  = {2015},
  month = {feb},
  publisher = {Elsevier {BV}},
  volume = {284},
  pages = {230--264},
  author = {Marco Donatelli and Carlo Garoni and Carla Manni and Stefano Serra-Capizzano and Hendrik Speleers},
  title = {\href{https://doi.org/10.1016/j.cma.2014.06.001}{Robust and optimal multi-iterative techniques for {IgA} {G}alerkin linear systems}},
  journal = {Computer Methods in Applied Mechanics and Engineering}
}
@article{donatelli152,
  doi = {10.1016/j.cma.2014.11.036},
  url = {https://doi.org/10.1016/j.cma.2014.11.036},
  year  = {2015},
  month = {feb},
  publisher = {Elsevier {BV}},
  volume = {284},
  pages = {1120--1146},
  author = {Marco Donatelli and Carlo Garoni and Carla Manni and Stefano Serra-Capizzano and Hendrik Speleers},
  title = {\href{https://doi.org/10.1016/j.cma.2014.11.036}{Robust and optimal multi-iterative techniques for {IgA} collocation linear systems}},
  journal = {Computer Methods in Applied Mechanics and Engineering}
}
@article{donatelli161,
  doi = {10.1090/mcom/3027},
  url = {https://doi.org/10.1090/mcom/3027},
  year  = {2016},
  month = {oct},
  publisher = {American Mathematical Society ({AMS})},
  volume = {85},
  number = {300},
  pages = {1639--1680},
  author = {Marco Donatelli and Carlo Garoni and Carla Manni and Stefano Serra-Capizzano and Hendrik Speleers},
  title = {\href{https://doi.org/10.1090/mcom/3027}{Spectral analysis and spectral symbol of matrices in isogeometric collocation methods}},
  journal = {Mathematics of Computation}
}
@article{donatelli162,
  doi = {10.1016/j.jcp.2015.11.061},
  url = {https://doi.org/10.1016/j.jcp.2015.11.061},
  year  = {2016},
  month = {feb},
  publisher = {Elsevier {BV}},
  volume = {307},
  pages = {262--279},
  author = {Marco Donatelli and Mariarosa Mazza and Stefano Serra-Capizzano},
  title = {\href{https://doi.org/10.1016/j.jcp.2015.11.061}{Spectral analysis and structure preserving preconditioners for fractional diffusion equations}},
  journal = {Journal of Computational Physics}
}
@article{donatelli171,
  doi = {10.1016/j.camwa.2017.05.024},
  url = {https://doi.org/10.1016/j.camwa.2017.05.024},
  year  = {2017},
  month = {sep},
  publisher = {Elsevier {BV}},
  volume = {74},
  number = {5},
  pages = {1015--1028},
  author = {Marco Donatelli and Ali Dorostkar and Mariarosa Mazza and Maya Neytcheva and Stefano Serra-Capizzano},
  title = {\href{https://doi.org/10.1016/j.camwa.2017.05.024}{Function-based block multigrid strategy for a two-dimensional linear elasticity-type problem}},
  journal = {Computers {\&} Mathematics with Applications}
}

@article{dorostkar161,
  doi = {10.1016/j.cma.2016.05.042},
  url = {https://doi.org/10.1016/j.cma.2016.05.042},
  year  = {2016},
  month = {sep},
  publisher = {Elsevier {BV}},
  volume = {309},
  pages = {74--105},
  author = {Ali Dorostkar and Maya Neytcheva and Stefano Serra-Capizzano},
  title = {\href{https://doi.org/10.1016/j.cma.2016.05.042}{Spectral analysis of coupled {PDEs} and of their {S}chur complements via {G}eneralized {L}ocally {T}oeplitz sequences in 2{D}}},
  journal = {Computer Methods in Applied Mechanics and Engineering}
}
@phdthesis{dorostkar171,
  author       = {Ali Dorostkar}, 
  title        = {\href{http://urn.kb.se/resolve?urn=urn:nbn:se:uu:diva-331852}{Analysis and {I}mplementation of {P}reconditioners for {P}restressed {E}lasticity {P}roblems : {A}dvances and {E}nhancements}},
  school       = {Uppsala University},
  year         = 2017,
  address      = {},
  month        = 12,
  note         = {}
}
@article{dumbser181,
  doi = {10.1002/nla.2151},
  url = {https://doi.org/10.1002/nla.2151},
  year  = {2018},
  month = {feb},
  publisher = {Wiley-Blackwell},
  author = {Michael Dumbser and Francesco Fambri and Isabella Furci and Mariarosa Mazza and Stefano Serra-Capizzano and Maurizio Tavelli},
  title = {\href{https://doi.org/10.1002/nla.2151}{Staggered discontinuous {G}alerkin methods for the incompressible {N}avier--{S}tokes equations: {S}pectral analysis and computational results}},
  journal = {Numerical Linear Algebra with Applications},
  note = {(in press)}
}
%%%% E %%%%
@article{ekstrom171,
  title = {\href{https://doi.org/10.1080/10586458.2017.1320241}{Are the {E}igenvalues of {B}anded {S}ymmetric {T}oeplitz {M}atrices {K}nown in {A}lmost {C}losed {F}orm?}},
  author = {Sven-Erik Ekström and Carlo Garoni and Stefano Serra-Capizzano},
  doi = {10.1080/10586458.2017.1320241},
  url = {https://doi.org/10.1080/10586458.2017.1320241},
  year  = {2017},
  month = {may},
  publisher = {Informa {UK} Limited},
  pages = {1--10},
  journal = {Experimental Mathematics}
}


@TechReport{ekstrom181,
  author  = {Sven-Erik Ekstr{\"o}m and Isabella Furci and Stefano
      Serra-Capizzano},
  title   = {\href{http://www.it.uu.se/research/publications/reports/2018-005/}{Exact {F}ormulae and {M}atrix-{L}ess {E}igensolvers for {B}lock
      {B}anded {S}ymmetric {T}oeplitz Matrices}},
  institution = {Department of Information Technology, Uppsala University},
  department  = {Division of Scientific Computing},
  year    = {2018},
  number  = {2018-005},
  month   = mar
}
@article{ekstrom182,
  title = {Finite element and isogeometric {B}-spline discretizations of eigenvalue problems: symbol-based analysis},
  author = {Sven-Erik Ekström and Carlo Garoni and Thomas J. Hughes and Alessandro Reali and  Stefano Serra-Capizzano and Hendrik Speleers},
  year  = {2018},
  publisher = {Not done.},
  journal = {(in preparation)}
}
@book{euler551,
  title={Institutiones calculi differentialis},
  author={Euler, Leonhard},
  year={1755},
  publisher={Teubner}
}
%%%% F %%%%
@article{fasino001,
  doi = {10.1016/s0024-3795(99)00251-7},
  url = {https://doi.org/10.1016/s0024-3795(99)00251-7},
  year  = {2000},
  month = {feb},
  publisher = {Elsevier {BV}},
  volume = {306},
  number = {1-3},
  pages = {155--163},
  author = {Dario Fasino and Paolo Tilli},
  title = {\href{https://doi.org/10.1016/s0024-3795(99)00251-7}{Spectral clustering properties of block multilevel {H}ankel matrices}},
  journal = {Linear Algebra and its Applications}
}
%%%% G %%%%
% spelling http://iopscience.iop.org/article/10.1070/RM1965v020n02ABEH001173/pdf
% https://catalog.princeton.edu/catalog/1779059
% Ostsillyatsionnye matritsy i yadra i malye kolebaniya mekhanicheskikh sistem 
@book{gantmakher501,
  doi = {10.1090/chel/345},
  url = {https://doi.org/10.1090/chel/345},
  year  = {1950},
  publisher = {Gostekhizdat},
  author = {Feliks Ruvimovich Gantmakher and Mark Grigor'evich Krein},
  title = {\href{https://doi.org/10.1090/chel/345}{
  Oscillation {M}atrices and {K}ernels and {S}mall {V}ibrations of {M}echanical {S}ystems ({\russianscript Осцилляционные матрицы и ядра и малые колебания механических систем})}}
}
@article{garoni141,
  doi = {10.1007/s00211-013-0600-2},
  url = {https://doi.org/10.1007/s00211-013-0600-2},
  year  = {2014},
  month = {aug},
  publisher = {Springer Nature},
  volume = {127},
  number = {4},
  pages = {751--799},
  author = {Carlo Garoni and Carla Manni and Francesca Pelosi and Stefano Serra-Capizzano and Hendrik Speleers},
  title = {\href{https://doi.org/10.1007/s00211-013-0600-2}{On the spectrum of stiffness matrices arising from isogeometric analysis}},
  journal = {Numerische Mathematik}
}
@article{garoni151,
  doi = {10.1137/140976480},
  url = {https://doi.org/10.1137/140976480},
  year  = {2015},
  month = {jan},
  publisher = {Society for Industrial {\&} Applied Mathematics ({SIAM})},
  volume = {36},
  number = {3},
  pages = {1100--1128},
  author = {Carlo Garoni and Stefano Serra-Capizzano and Debora Sesana},
  title = {\href{https://doi.org/10.1137/140976480}{Spectral {A}nalysis and {S}pectral {S}ymbol of $d$-variate $\mathbb{Q}_{\boldsymbol p}$ Lagrangian {FEM} {S}tiffness {M}atrices}},
  journal = {{SIAM} Journal on Matrix Analysis and Applications}
}
@article{garoni161,
  doi = {10.1090/mcom/3143},
  url = {https://doi.org/10.1090/mcom/3143},
  year  = {2016},
  month = {aug},
  publisher = {American Mathematical Society ({AMS})},
  volume = {86},
  number = {305},
  pages = {1343--1373},
  author = {Carlo Garoni and Carla Manni and Stefano Serra-Capizzano and Debora Sesana and Hendrik Speleers},
  title = {\href{https://doi.org/10.1090/mcom/3143}{Spectral analysis and spectral symbol of matrices in isogeometric {G}alerkin methods}},
  journal = {Mathematics of Computation}
}
@book{garoni171,
  doi = {10.1007/978-3-319-53679-8},
  url = {https://doi.org/10.1007/978-3-319-53679-8},
  year  = {2017},
  publisher = {Springer International Publishing},
  author = {Carlo Garoni and Stefano Serra-Capizzano},
  title = {\href{https://doi.org/10.1007/978-3-319-53679-8}{Generalized {L}ocally {T}oeplitz {S}equences: {T}heory and {A}pplications. {V}ol. 1}}
}
@incollection{garoni172,
  doi = {10.1007/978-3-319-49182-0_16},
  url = {https://doi.org/10.1007/978-3-319-49182-0_16},
  year  = {2017},
  publisher = {Springer International Publishing},
  pages = {353--394},
  author = {Carlo Garoni and Stefano Serra-Capizzano},
  title = {\href{https://doi.org/10.1007/978-3-319-49182-0_16}{The {T}heory of {G}eneralized {L}ocally {T}oeplitz {S}equences: a {R}eview, an {E}xtension,  and a {F}ew {R}epresentative {A}pplications}},
  booktitle = {Large Truncated Toeplitz Matrices,  Toeplitz Operators,  and Related Topics}
}
@TechReport{garoni173,
  url = {http://www.it.uu.se/research/publications/reports/2017-002/},
  author  = {Carlo Garoni and Stefano Serra-Capizzano},
  title   = {\href{http://www.it.uu.se/research/publications/reports/2017-002/}{{G}eneralized {L}ocally {T}oeplitz {S}equences: {T}heory and
      {A}pplications. {V}ol. 2}},
  institution = {Department of Information Technology, Uppsala University},
  department  = {Division of Scientific Computing},
  year    = {2017},
  number  = {2017-002},
  month   = feb
}
@article{garoni174,
  doi = {10.1016/j.laa.2016.10.021},
  url = {https://doi.org/10.1016/j.laa.2016.10.021},
  year  = {2017},
  month = {jan},
  publisher = {Elsevier {BV}},
  volume = {513},
  pages = {324--341},
  author = {Carlo Garoni},
  title = {\href{https://doi.org/10.1016/j.laa.2016.10.021}{Topological foundations of an asymptotic approximation theory for sequences of matrices with increasing size}},
  journal = {Linear Algebra and its Applications}
}
@article{garoni175,
  doi = {10.1016/j.jmaa.2016.08.040},
  url = {https://doi.org/10.1016/j.jmaa.2016.08.040},
  year  = {2017},
  month = {feb},
  publisher = {Elsevier {BV}},
  volume = {446},
  number = {1},
  pages = {365--382},
  author = {Carlo Garoni and Carla Manni and Stefano Serra-Capizzano and Debora Sesana and Hendrik Speleers},
  title = {\href{https://doi.org/10.1016/j.jmaa.2016.08.040}{Lusin theorem,  {GLT} sequences and matrix computations: {A}n application to the spectral analysis of {PDE} discretization matrices}},
  journal = {Journal of Mathematical Analysis and Applications}
}

@TechReport{garoni181,
  author  = {Carlo Garoni and Stefano Serra-Capizzano and Debora
      Sesana},
  title   = {\href{http://www.it.uu.se/research/publications/reports/2018-001/}{The {T}heory of {B}lock {G}eneralized {L}ocally {T}oeplitz
      {S}equences}},
  institution = {Department of Information Technology, Uppsala University},
  department  = {Division of Scientific Computing},
  year    = {2018},
  number  = {2018-001},
  month   = jan
}

@article{golinskii071,
  doi = {10.1016/j.jat.2006.05.002},
  url = {https://doi.org/10.1016/j.jat.2006.05.002},
  year  = {2007},
  month = {jan},
  publisher = {Elsevier {BV}},
  volume = {144},
  number = {1},
  pages = {84--102},
  author = {Leonid Golinskii and Stefano Serra-Capizzano},
  title = {\href{https://doi.org/10.1016/j.jat.2006.05.002}{The asymptotic properties of the spectrum of nonsymmetrically perturbed {J}acobi matrix sequences}},
  journal = {Journal of Approximation Theory}
}
@book{golub121,
  title={\href{https://jhupbooks.press.jhu.edu/content/matrix-computations-0}{Matrix {C}omputations}},
  author={Golub, Gene Howard and Van Loan, Charles Francis},
  edition={4},
  year={2012},
  publisher={Johns Hopkins University Press}
}


%%%% H %%%%
@article{he121,
  doi = {10.1016/j.cam.2011.10.013},
  url = {https://doi.org/10.1016/j.cam.2011.10.013},
  year  = {2012},
  month = {sep},
  publisher = {Elsevier {BV}},
  volume = {236},
  number = {15},
  pages = {3763--3773},
  author = {Tian-Xiao He},
  title = {\href{https://doi.org/10.1016/j.cam.2011.10.013}{Eulerian polynomials and {B}-splines}},
  journal = {Journal of Computational and Applied Mathematics}
}
%%%% K %%%%
@article{kaufman841,
  doi = {10.1145/356068.356074},
  url = {https://doi.org/10.1145/356068.356074},
  year  = {1984},
  month = {jan},
  publisher = {Association for Computing Machinery ({ACM})},
  volume = {10},
  number = {1},
  pages = {73--85},
  author = {Linda Kaufman},
  title = {\href{https://doi.org/10.1145/356068.356074}{Banded {E}igenvalue {S}olvers on {V}ector {M}achines}},
  journal = {{ACM} Transactions on Mathematical Software}
}
@article{kuijlaars011,
  doi = {10.1006/jath.2001.3617},
  url = {https://doi.org/10.1006/jath.2001.3617},
  year  = {2001},
  month = {nov},
  publisher = {Elsevier {BV}},
  volume = {113},
  number = {1},
  pages = {142--155},
  author = {Arnoldus Bernardus Jacobus Kuijlaars and Stefano Serra-Capizzano},
  title = {\href{https://doi.org/10.1006/jath.2001.3617}{Asymptotic {Z}ero {D}istribution of {O}rthogonal {P}olynomials with {D}iscontinuously {V}arying {R}ecurrence {C}oefficients}},
  journal = {Journal of Approximation Theory}
}

@misc{inkscape181,
  author = {{The Inkscape Project}},
  title = {\href{https://inkscape.org}{Inkscape, {V}ersion 0.92}}
}

%%%% J %%%%
@book{jordan091,
  doi = {10.1017/cbo9781107300040},
  url = {https://doi.org/10.1017/cbo9781107300040},
  year  = {1909},
  publisher = {Gauthier-Villars, Paris},
  author = {Camille Jordan},
  volume = {1},
  title = {\href{https://doi.org/10.1017/cbo9781107300040}{Cours d'{A}nalyse de l'\'{E}cole {P}olytechnique}}
}
%%%% M %%%%
@incollection{mantzaflaris141,
  doi = {10.1007/978-3-642-54382-1_21},
  url = {https://doi.org/10.1007/978-3-642-54382-1_21},
  year  = {2014},
  publisher = {Springer Berlin Heidelberg},
  pages = {364--382},
  author = {Angelos Mantzaflaris and Bert J\"{u}ttler},
  title = {\href{https://doi.org/10.1007/978-3-642-54382-1_21}{Exploring {M}atrix {G}eneration {S}trategies in {I}sogeometric {A}nalysis}},
  booktitle = {Mathematical Methods for Curves and Surfaces}
}
@misc{mathematica171,
  author = {{Wolfram Research{,} Inc.}},
  title = {\href{http://www.wolfram.com}{Mathematica, {V}ersion 11.2}},
  note = {Champaign, IL, 2018}
}
@book{matlab171,
year = {2017},
author = {MATLAB},
title = {\href{https://www.mathworks.com}{version 9.3.0.713579 64-bit (maci64) (R2017b)}},
publisher = {The MathWorks Inc.},
address = {Natick, Massachusetts}
}

@TechReport{mazza171,
  author  = {Mariarosa Mazza and Ahmed Ratnani and Stefano
      Serra-Capizzano},
  title   = {\href{http://www.it.uu.se/research/publications/reports/2017-009/}{Spectral {A}nalysis and {S}pectral {S}ymbol for the {2D}
      curl-curl ({S}tabilized) {O}perator with {A}pplications to the
      {R}elated {I}terative {S}olutions}},
  institution = {Department of Information Technology, Uppsala University},
  department  = {Division of Scientific Computing},
  year    = {2017},
  number  = {2017-009},
  month   = apr,
  note = {Mathematics of Computation (in press)}
}
@article{moghaderi171,
  doi = {10.1016/j.jcp.2017.08.064},
  url = {https://doi.org/10.1016/j.jcp.2017.08.064},
  year  = {2017},
  month = {dec},
  publisher = {Elsevier {BV}},
  volume = {350},
  pages = {992--1011},
  author = {Hamid Moghaderi and Mehdi Dehghan and Marco Donatelli and Mariarosa Mazza},
  title = {\href{https://doi.org/10.1016/j.jcp.2017.08.064}{Spectral analysis and multigrid preconditioners for two-dimensional space-fractional diffusion equations}},
  journal = {Journal of Computational Physics}
}
@incollection{moore201,
  doi = {10.1090/s0002-9904-1920-03322-7},
  url = {https://doi.org/10.1090/s0002-9904-1920-03322-7},
  year  = {1920},
  month = {jun},
  publisher = {American Mathematical Society ({AMS})},
  volume = {26},
  number = {9},
  pages = {385--396},
  editor = {Arnold Dresden},
  title = {\href{https://doi.org/10.1090/s0002-9904-1920-03322-7}{On the reciprocal of the general algebraic matrix}},
  author = {Eliakim Hastings Moore},
  booktitle = {The fourteenth western meeting of the American Mathematical Society},
  journal = {Bulletin of the American Mathematical Society}
}
%%%% N %%%%
@misc{noack181,
  author = {Andreas Noack},
  title = {Elemental.jl},
  year = {2018},
  publisher = {GitHub},
  journal = {GitHub repository},
  howpublished = {\url{https://github.com/JuliaParallel/Elemental.jl}},
}
@misc{noack182,
  author = {Andreas Noack},
  title = {Linear{A}lgebra.jl},
  year = {2018},
  publisher = {GitHub},
  journal = {GitHub repository},
  howpublished = {\url{https://github.com/andreasnoack/LinearAlgebra.jl}},
}
@article{noschese121,
  doi = {10.1002/nla.1811},
  url = {https://doi.org/10.1002/nla.1811},
  year  = {2012},
  month = {mar},
  publisher = {Wiley-Blackwell},
  volume = {20},
  number = {2},
  pages = {302--326},
  author = {Silvia Noschese and Lionello Pasquini and Lothar Reichel},
  title = {\href{https://doi.org/10.1002/nla.1811}{Tridiagonal {T}oeplitz matrices: properties and novel applications}},
  journal = {Numerical Linear Algebra with Applications}
}
%%%% O %%%%
@misc{olver181,
  author = {Sheehan Olver},
  title = {Banded{M}atrices.jl},
  year = {2018},
  publisher = {GitHub},
  journal = {GitHub repository},
  howpublished = {\url{https://github.com/JuliaMatrices/BandedMatrices.jl}},
}
%%%% P %%%%
@article{parter621,
  doi = {10.1016/0022-247x(62)90032-x},
  url = {https://doi.org/10.1016/0022-247x(62)90032-x},
  year  = {1962},
  month = {feb},
  publisher = {Elsevier {BV}},
  volume = {4},
  number = {1},
  pages = {102--110},
  author = {Seymour V. Parter and John William Theodore Youngs},
  title = {\href{https://doi.org/10.1016/0022-247x(62)90032-x}{The symmetrization of matrices by diagonal matrices}},
  journal = {Journal of Mathematical Analysis and Applications}
}
@article{parter861,
  doi = {10.1016/0024-3795(86)90280-6},
  url = {https://doi.org/10.1016/0024-3795(86)90280-6},
  year  = {1986},
  month = {aug},
  publisher = {Elsevier {BV}},
  volume = {80},
  pages = {115--130},
  author = {Seymour V. Parter},
  title = {\href{https://doi.org/10.1016/0024-3795(86)90280-6}{On the distribution of the singular values of {T}oeplitz matrices}},
  journal = {Linear Algebra and its Applications}
}
@article{poulson131,
  doi = {10.1145/2427023.2427030},
  url = {https://doi.org/10.1145/2427023.2427030},
  year  = {2013},
  month = {feb},
  publisher = {Association for Computing Machinery ({ACM})},
  volume = {39},
  number = {2},
  pages = {1--24},
  author = {Jack Poulson and Bryan Marker and Robert A. van de Geijn and Jeff R. Hammond and Nichols A. Romero},
  title = {\href{https://doi.org/10.1145/2427023.2427030}{Elemental}},
  journal = {{ACM} Transactions on Mathematical Software}
}
%%%% R %%%%
@article{roman161,
  doi = {10.1007/s00211-016-0796-z},
  url = {https://doi.org/10.1007/s00211-016-0796-z},
  year  = {2016},
  month = {feb},
  publisher = {Springer Nature},
  volume = {135},
  number = {1},
  pages = {169--216},
  author = {Fabio Roman and Carla Manni and Hendrik Speleers},
  title = {\href{https://doi.org/10.1007/s00211-016-0796-z}{Spectral analysis of matrices in {G}alerkin methods based on generalized {B}-splines with high smoothness}},
  journal = {Numerische Mathematik}
}
%%%% S %%%%
@article{salinelli161,
  doi = {10.1016/j.laa.2015.03.017},
  url = {https://doi.org/10.1016/j.laa.2015.03.017},
  year  = {2016},
  month = {feb},
  publisher = {Elsevier {BV}},
  volume = {491},
  pages = {138--160},
  author = {E. Salinelli and S. Serra-Capizzano and D. Sesana},
  title = {\href{https://doi.org/10.1016/j.laa.2015.03.017}{Eigenvalue-eigenvector structure of {S}choenmakers--{C}offey matrices via {T}oeplitz technology and applications}},
  journal = {Linear Algebra and its Applications}
}
@article{serra931,
  doi = {10.1016/0898-1221(93)90035-t},
  url = {https://doi.org/10.1016/0898-1221(93)90035-t},
  year  = {1993},
  month = {aug},
  publisher = {Elsevier {BV}},
  volume = {26},
  number = {4},
  pages = {65--87},
  author = {Stefano Serra-Capizzano},
  title = {\href{https://doi.org/10.1016/0898-1221(93)90035-t}{Multi-iterative methods}},
  journal = {Computers {\&} Mathematics with Applications}
}
@article{serra981,
  doi = {10.1137/s0895479896310160},
  url = {https://doi.org/10.1137/s0895479896310160},
  year  = {1998},
  month = {jan},
  publisher = {Society for Industrial {\&} Applied Mathematics ({SIAM})},
  volume = {20},
  number = {1},
  pages = {31--44},
  author = {Stefano Serra-Capizzano},
  title = {\href{https://doi.org/10.1137/s0895479896310160}{Asymptotic {R}esults on the {S}pectra of {B}lock {T}oeplitz {P}reconditioned {M}atrices}},
  journal = {{SIAM} Journal on Matrix Analysis and Applications}
}
% Serra Capizzano -> Serra-Capizzano
@article{serra982,
  doi = {10.1016/s0024-3795(98)80002-5},
  url = {https://doi.org/10.1016/s0024-3795(98)80002-5},
  year  = {1998},
  month = {oct},
  publisher = {Elsevier {BV}},
  volume = {282},
  number = {1-3},
  pages = {161--183},
  author = {Serra-Capizzano,Stefano},
  title = {\href{https://doi.org/10.1016/s0024-3795(98)80002-5}{An ergodic theorem for classes of preconditioned matrices}},
  journal = {Linear Algebra and its Applications}
}
% Serra -> Serra-Capizzano
@article{serra991,
  doi = {10.1023/a:1022329526925},
  url = {https://doi.org/10.1023/a:1022329526925},
  year  = {1999},
  publisher = {Springer Nature},
  volume = {39},
  number = {1},
  pages = {152--175},
  author = {Stefano Serra-Capizzano},
  title = {\href{https://doi.org/10.1023/a:1022329526925}{Spectral and {C}omputational {A}nalysis of {B}lock {T}oeplitz {M}atrices {H}aving {N}onnegative {D}efinite {M}atrix-{V}alued {G}enerating {F}unctions}},
  journal = {Bit Numerical Mathematics}
}
% Serra Capizzano -> Serra-Capizzano
@article{serra011,
  doi = {10.1016/s0024-3795(00)00311-6},
  url = {https://doi.org/10.1016/s0024-3795(00)00311-6},
  year  = {2001},
  month = {may},
  publisher = {Elsevier {BV}},
  volume = {328},
  number = {1-3},
  pages = {121--130},
  author = {Stefano Serra-Capizzano},
  title = {\href{https://doi.org/10.1016/s0024-3795(00)00311-6}{Distribution results on the algebra generated by {T}oeplitz sequences: a finite-dimensional approach}},
  journal = {Linear Algebra and its Applications}
}
@article{serra031,
  doi = {10.1016/s0024-3795(02)00504-9},
  url = {https://doi.org/10.1016/s0024-3795(02)00504-9},
  year  = {2003},
  month = {jun},
  publisher = {Elsevier {BV}},
  volume = {366},
  pages = {371--402},
  author = {Stefano Serra-Capizzano},
  title = {\href{https://doi.org/10.1016/s0024-3795(02)00504-9}{Generalized locally {T}oeplitz sequences: spectral analysis and applications to discretized partial differential equations}},
  journal = {Linear Algebra and its Applications}
}
@article{serra061,
  doi = {10.1016/j.laa.2006.04.012},
  url = {https://doi.org/10.1016/j.laa.2006.04.012},
  year  = {2006},
  month = {nov},
  publisher = {Elsevier {BV}},
  volume = {419},
  number = {1},
  pages = {180--233},
  author = {Stefano Serra-Capizzano},
  title = {\href{https://doi.org/10.1016/j.laa.2006.04.012}{The {GLT} class as a generalized {F}ourier analysis and applications}},
  journal = {Linear Algebra and its Applications}
}
@MISC{sloane181,
    author = {Neil James Alexander Sloane},
    title = {\href{https://oeis.org}{The {E}ncyclopedia of {I}nteger {S}equences}},
    url = {https://oeis.org},
    year = {2018}
}
@article{szegHo201,
  doi = {10.1007/bf01199955},
  url = {https://doi.org/10.1007/bf01199955},
  year  = {1920},
  month = {sep},
  publisher = {Springer Nature},
  volume = {6},
  number = {3-4},
  pages = {167--202},
  author = {G{\'a}bor Szeg{\H{o}}},
  title = {\href{https://doi.org/10.1007/bf01199955}{Beitr\"{a}ge zur {T}heorie der {T}oeplitzschen {F}ormen}},
  journal = {Mathematische Zeitschrift}
}
%%%% T %%%%
@manual{tantau181,
   author    = {Till Tantau},
   title     = {\href{http://sourceforge.net/projects/pgf/}{The TikZ and PGF Packages}},
   subtitle  = {Manual for version 3.0.1},
   url       = {http://sourceforge.net/projects/pgf/}
}
@article{tilli981,
  doi = {10.1080/03081089808818584},
  url = {https://doi.org/10.1080/03081089808818584},
  year  = {1998},
  month = {dec},
  publisher = {Informa {UK} Limited},
  volume = {45},
  number = {2-3},
  pages = {147--159},
  author = {Paolo Tilli},
  title = {\href{https://doi.org/10.1080/03081089808818584}{A note on the spectral distribution of {T}oeplitz matrices}},
  journal = {Linear and Multilinear Algebra}
}
@article{tilli982,
  doi = {10.1016/s0024-3795(97)10079-9},
  url = {https://doi.org/10.1016/s0024-3795(97)10079-9},
  year  = {1998},
  month = {jul},
  publisher = {Elsevier {BV}},
  volume = {278},
  number = {1-3},
  pages = {91--120},
  author = {Paolo Tilli},
  title = {\href{https://doi.org/10.1016/s0024-3795(97)10079-9}{Locally {T}oeplitz sequences: spectral properties and applications}},
  journal = {Linear Algebra and its Applications}
}
@article{tilli991,
  doi = {10.1006/jmaa.1999.6572},
  url = {https://doi.org/10.1006/jmaa.1999.6572},
  year  = {1999},
  month = {nov},
  publisher = {Elsevier {BV}},
  volume = {239},
  number = {2},
  pages = {390--401},
  author = {Paolo Tilli},
  title = {\href{https://doi.org/10.1006/jmaa.1999.6572}{Some {R}esults on {C}omplex {T}oeplitz {E}igenvalues}},
  journal = {Journal of Mathematical Analysis and Applications}
}
@article{toeplitz111,
  doi = {10.1007/bf01564502},
  url = {https://doi.org/10.1007/bf01564502},
  year  = {1911},
  month = {sep},
  publisher = {Springer Nature},
  volume = {70},
  number = {3},
  pages = {351--376},
  author = {Otto Toeplitz},
  title = {\href{https://doi.org/10.1007/bf01564502}{Zur {T}heorie der quadratischen und bilinearen {F}ormen von unendlichvielen {V}er\"{a}nderlichen}},
  journal = {Mathematische Annalen}
}
@article{tyrtyshnikov981,
  doi = {10.1016/s0024-3795(97)80001-8},
  url = {https://doi.org/10.1016/s0024-3795(97)80001-8},
  year  = {1998},
  month = {feb},
  publisher = {Elsevier {BV}},
  volume = {270},
  number = {1-3},
  pages = {15--27},
  author = {Eugene Evgen'evich Tyrtyshnikov and Nikolai Leonidovich Zamarashkin},
  title = {\href{https://doi.org/10.1016/s0024-3795(97)80001-8}{Spectra of multilevel {T}oeplitz matrices: {A}dvanced theory via simple matrix relationships}},
  journal = {Linear Algebra and its Applications}
}
%%%% W %%%%
@article{wang101,
  doi = {10.1016/j.jmaa.2010.05.017},
  url = {https://doi.org/10.1016/j.jmaa.2010.05.017},
  year  = {2010},
  month = {oct},
  publisher = {Elsevier {BV}},
  volume = {370},
  number = {2},
  pages = {486--490},
  author = {Ren-Hong Wang and Yan Xu and Zhi-Qiang Xu},
  title = {\href{https://doi.org/10.1016/j.jmaa.2010.05.017}{Eulerian numbers: A spline perspective}},
  journal = {Journal of Mathematical Analysis and Applications}
}
@incollection{wilkinson771,
  doi = {https://books.google.se/books?id=1hXvAAAAMAAJ},
  url = {https://books.google.se/books?id=1hXvAAAAMAAJ},
  year  = {1977},
  publisher = {Academic Press},
  editor ={David A. H. Jacobs},
  isbn={9780123786500},
  series={Mathematics and Its Application Series},
  pages = {3--53},
  author = {J. H. Wilkinson},
  title = {\href{https://books.google.se/books?id=1hXvAAAAMAAJ}{Some recent advances in numerical linear algebra}},
  booktitle = {The state of the art in numerical analysis: proceedings of the Conference on the State of the Art in Numerical Analysis held at the University of York, April 12th-15th, 1976}
}